
@inproceedings{Lv:2011:DVL:2009916.2010070,
 author = {Lv, Yuanhua and Zhai, ChengXiang},
 title = {When Documents Are Very Long, BM25 Fails!},
 booktitle = {Proceedings of the 34th International ACM SIGIR Conference on Research and Development in Information Retrieval},
 series = {SIGIR '11},
 year = {2011},
 isbn = {978-1-4503-0757-4},
 location = {Beijing, China},
 pages = {1103--1104},
 numpages = {2},
 url = {http://doi.acm.org/10.1145/2009916.2010070},
 doi = {10.1145/2009916.2010070},
 acmid = {2010070},
 publisher = {ACM},
 address = {New York, NY, USA},
 keywords = {bm25, bm25l, term frequency, very long documents}
}

@misc{rup:TFxIDFRepository,
   author = "Sauparna Palchowdhury",
   title  = "TFxIDF Repository",
   year   = "2016",
   url    = "\url{http://kak.tx0.org/IR/TFxIDF}",
   note   = "[Online; accessed 21-September-2016]"
}
@misc{rup:IR,
   author = "Sauparna Palchowdhury",
   title  = "IR",
   year   = "2016",
   url    = "\url{http://kak.tx0.org/IR}",
   note   = "[Online; accessed 21-September-2016]"
}
@misc{Lucene:6.2.1:Scoring,
   author = "Apache Lucene",
   title  = "Class TFIDFSimilarity",
   year   = "2016",
   url    = "\url{https://lucene.apache.org/core/6_2_1/core/org/apache/lucene/search/similarities/TFIDFSimilarity.html}",
   note   = "[Online; accessed 21-September-2016]"
}
@inproceedings{Metzler:2012:EMI:2348283.2348534,
 author = {Metzler, Donald and Kurland, Oren},
 title = {Experimental Methods for Information Retrieval},
 booktitle = {Proceedings of the 35th International ACM SIGIR Conference on Research and Development in Information Retrieval},
 series = {SIGIR '12},
 year = {2012},
 isbn = {978-1-4503-1472-5},
 location = {Portland, Oregon, USA},
 pages = {1185--1186},
 numpages = {2},
 url = {http://doi.acm.org/10.1145/2348283.2348534},
 doi = {10.1145/2348283.2348534},
 acmid = {2348534},
 publisher = {ACM},
 address = {New York, NY, USA},
 keywords = {evaluation, experimental methods, information retrieval},
}
@article{macdonald2012puppy,
  title={From puppy to maturity: Experiences in developing Terrier},
  author={Macdonald, Craig and McCreadie, Richard and Santos, Rodrygo LT and Ounis, Iadh},
  journal={Proc. of OSIR at SIGIR},
  pages={60--63},
  year={2012}
}
@misc{apache:lucene,
   author = "",
   title  = "Apache Lucene",
   year   = "2016",
   url    = "\url{https://lucene.apache.org}",
   note   = "[Online; accessed 22-September-2016]"
}
